1554 2630
247 369 167 45 structed
437 369 46 45 on
504 369 62 45 the
588 369 72 45 law
681 369 40 45 of
741 369 62 45 the
826 369 83 45 case
932 369 73 45 and
1026 369 100 45 upon
1146 369 112 45 every
1277 369 107 45 point

243 420 198 42 requested
461 420 195 42 favorable
676 420 38 42 to
735 420 62 42 the
818 420 162 42 defense.

243 194 71 41 604

471 194 239 41 APPELLATE
738 194 157 41 OOIJBTS
920 194 48 41 OF
993 194 196 41 ILLINOIS,

370 287 113 30 Wilson
505 287 26 30 v.
542 287 138 30 `Chicago
705 287 65 30 City
793 287 134 30 Railway
951 287 55 30 Co.,
1030 287 50 30 144
1103 287 71 30 App.
1200 287 57 30 604.

289 470 111 44 Upon
424 470 63 44 the
511 470 116 44 whole
653 470 131 44 record
811 470 225 44 substantial
1061 470 134 44 justice
1222 470 161 44 appears

243 520 38 44 to
309 520 95 44 have
432 520 93 44 been
553 520 93 44 done
673 520 100 44 upon
800 520 62 44 the
893 520 138 44 therits,
1063 520 73 44 and
1163 520 41 44 as
1235 520 82 44 said
1345 520 40 44 in

243 571 176 42 Lebanon
450 571 91 42 Coal
571 571 28 42 &
630 571 170 42 Machine
831 571 119 42 Ass'n
980 571 33 42 v.
1045 571 172 42 Zerwick,
1251 571 42 42 77
1325 571 57 42 Ill.

243 620 97 44 App.
370 620 84 44 486:
494 620 168 44 "Where
680 620 102 44 upon
809 620 62 44 the
899 620 117 44 whole
1046 620 83 44 case
1159 620 226 44 substantial

242 671 135 43 justice
399 671 68 43 has
490 671 93 43 been
606 671 102 43 done,
733 671 199 43 erroneous
955 671 245 43 instructions
1222 671 76 43 will
1317 671 67 43 not

244 722 160 42 reverse,
433 722 74 42 and
531 722 123 42 where
680 722 67 42 one
773 722 42 42 or
838 722 103 42 more
967 722 244 42 instructions
1239 722 63 42 are
1329 722 39 42 er-

241 772 159 41 roneous
420 772 74 41 and
510 772 125 41 others
655 772 97 41 state
769 772 62 41 the
847 772 71 41 law
935 772 181 41 correctly
1134 772 73 41 and
1223 772 62 41 the
1301 772 67 41 ver-

243 822 75 43 dict
346 822 180 43 returned
552 822 32 43 is
615 822 169 43 strongly
812 822 204 43 supported
1041 822 49 43 by
1118 822 61 43 the
1209 822 174 43 evidence

243 872 73 44 and
344 872 139 44 clearly
509 872 102 44 right
640 872 73 44 and
740 872 89 44 just,
857 872 62 44 the
946 872 261 44 presumption
1234 872 150 44 usually

242 922 164 43 prevails
429 922 83 43 that
531 922 102 43 upon
652 922 62 43 the
735 922 117 43 whole
874 922 62 43 the
958 922 89 43 jury
1067 922 76 43 was
1166 922 64 43 not
1250 922 134 43 misled

242 973 40 35 as
303 973 37 35 to
362 973 62 35 the
444 973 114 35 law".

287 1023 78 35 The
381 1023 99 35 most
497 1023 82 35 that
599 1023 67 35 can
683 1023 44 35 be
747 1023 82 35 said
848 1023 112 35 about
977 1023 61 35 the
1056 1023 83 35 first
1158 1023 225 35 instruction

241 1074 32 43 is
301 1074 83 43 that
409 1074 31 43 it
466 1074 64 43 did
554 1074 66 43 not
645 1074 45 43 go
718 1074 100 43 quite
844 1074 63 43 far
934 1074 161 43 enough;
1121 1074 66 43 but
1213 1074 91 43 even
1331 1074 50 43 so,

241 1124 100 44 what
361 1124 30 44 it
412 1124 131 44 lacked
563 1124 77 44 was
665 1124 173 44 supplied
859 1124 39 44 in
920 1124 61 44 the
1005 1124 244 44 instructions
1272 1124 111 44 given

241 1175 39 35 at
301 1175 61 35 the
382 1175 169 35 instance
572 1175 38 35 of
632 1175 214 35 defendant.

286 1226 164 43 Finding
476 1226 47 43 no
554 1226 104 43 error
686 1226 40 43 in
753 1226 74 43 this
856 1226 132 43 record
1015 1226 233 43 warranting
1277 1226 21 43 a
1326 1226 41 43 re-

240 1276 126 43 versal
386 1276 39 43 of
444 1276 62 43 the
526 1276 194 43 judgment
741 1276 40 43 of
800 1276 62 43 the
884 1276 147 43 County
1052 1276 124 43 Court,
1197 1276 30 43 it
1246 1276 33 43 is
1302 1276 65 43 con-

242 1326 192 44 sequently
458 1326 173 44 affirmed.

1143 1374 191 44 Affirmed.

240 1647 144 43 George
412 1647 41 43 H.
477 1647 153 43 Wilson,
654 1647 190 43 Appellee,
867 1647 34 43 v.
927 1647 158 43 Chicago
1111 1647 81 43 City
1216 1647 165 43 Railway

595 1690 193 41 Company,
811 1690 215 41 Appellant.

646 1767 88 41 Gen.
755 1767 63 41 No.
838 1767 133 41 13,983.

274 1853 24 29 1.
335 1853 170 29 PASSaNGER
533 1853 59 29 AND
622 1853 234 29 CARRIER-what
886 1853 140 29 essential
1054 1853 29 29 to
1114 1853 141 29 establish
1284 1853 97 29 prim~a

236 1895 77 31 facie
330 1895 65 31 case
412 1895 29 31 of
456 1895 176 31 negligence.
666 1895 61 31 The
744 1895 174 31 allegations
935 1895 30 31 of
981 1895 169 31 negligence
1167 1895 86 31 being
1270 1895 109 31 shown,

238 1936 17 32 a
269 1936 97 32 pri~rta
379 1936 76 32 facie
472 1936 64 32 case
551 1936 31 32 in
598 1936 83 32 favor
698 1936 29 32 of
743 1936 50 32 the
809 1936 130 32 plaintiff
954 1936 25 32 is
996 1936 178 32 established
1190 1936 38 32 by
1244 1936 136 32 evidence

238 1978 123 30 tending
383 1978 30 30 to
438 1978 80 30 show
543 1978 66 30 that
631 1978 50 30 the
706 1978 159 30 defendant
889 1978 59 30 was
972 1978 49 30 the
1046 1978 97 30 owner
1168 1978 30 30 of
1221 1978 57 30 and
1303 1978 68 30 oper-

236 2020 85 30 ating
338 2020 50 30 the
408 2020 64 30 cars
492 2020 31 30 in
543 2020 141 30 collision,
703 2020 66 30 that
788 2020 49 30 the
857 2020 130 30 plaintiff
1006 2020 60 30 was
1087 2020 17 30 a
1124 2020 158 30 passenger
1302 2020 78 30 upon

236 2060 55 28 one
308 2060 30 28 of
354 2060 50 28 the
423 2060 140 28 colliding
580 2060 72 28 cars,
671 2060 66 28 that
754 2060 50 28 the
823 2060 64 28 cars
907 2060 79 28 came
1005 2060 62 28 into
1086 2060 133 28 collision
1237 2060 87 28 while
1343 2060 36 28 he

236 2102 60 28 was
314 2102 31 28 in
362 2102 50 28 the
430 2102 127 28 exercise
575 2102 30 28 of
622 2102 55 28 due
695 2102 65 28 care
778 2102 46 28 for
841 2102 47 28 his
906 2102 65 28 own
988 2102 104 28 safety,
1111 2102 57 28 and
1184 2102 67 28 that
1267 2102 36 28 he
1320 2102 59 28 was

238 2143 117 30 injured
378 2143 33 30 as
434 2143 17 30 a
474 2143 93 30 result
590 2143 29 30 of
641 2143 72 30 such
737 2143 141 30 collision.
920 2143 61 30 The
1005 2143 61 30 fact
1089 2143 65 30 that
1177 2143 50 30 the
1250 2143 129 30 plaintiff

238 2184 30 29 at
291 2184 50 29 the
364 2184 70 29 trial
456 2184 162 29 attempted
641 2184 29 29 to
695 2184 87 29 prove
806 2184 116 29 specific
945 2184 61 29 acts
1032 2184 30 29 of
1085 2184 168 29 negligence
1279 2184 24 29 is
1328 2184 52 29 not

237 2226 137 31 material
401 2226 31 31 as
459 2226 138 31 affecting
622 2226 50 31 the
696 2226 97 31 prima
818 2226 76 31 facie
920 2226 65 31 case
1008 2226 70 31 thus
1103 2226 85 31 made
1214 2226 62 31 out;
1307 2226 72 31 such

236 2268 98 31 prima
357 2268 73 31 facie
451 2268 65 31 case
537 2268 87 31 being
643 2268 85 31 made
749 2268 58 31 out,
829 2268 50 31 the
900 2268 112 31 burden
1034 2268 26 31 is
1082 2268 110 31 shifted
1213 2268 29 31 to
1264 2268 50 31 the
1336 2268 34 31 de-

237 2311 124 30 fendant
387 2311 30 30 to
445 2311 151 30 exculpate
623 2311 33 30 or
682 2311 103 30 excuse
812 2311 83 30 itself
922 2311 76 30 from
1026 2311 50 30 the
1103 2311 129 30 liability
1259 2311 31 30 so
1318 2311 62 30 cast
