1599 2638
208 395 151 44 amount
380 395 40 44 of
438 395 62 44 the
519 395 154 44 verdict,
694 395 82 44 that
795 395 105 44 there
920 395 32 44 is
974 395 119 44 ample
1115 395 172 44 evidence
1307 395 38 44 to

208 446 144 44 sustain
373 446 62 44 the
456 446 144 44 verdict
623 446 73 44 and
716 446 83 44 that
820 446 62 44 the
906 446 126 44 errors
1056 446 229 44 complained
1308 446 39 44 of

206 499 223 43 concerning
451 499 120 43 which
595 499 55 43 we
676 499 120 43 agree,
823 499 34 43 if
881 499 89 43 they
995 499 96 43 were
1119 499 133 43 errors,
1282 499 65 43 are

204 547 66 44 not
291 547 38 44 of
348 547 179 44 sufficient
542 547 217 44 magnitude
777 547 38 44 to
836 547 147 44 require
1004 547 21 44 a
1044 547 175 44 reversal,
1238 547 108 44 while

207 599 62 43 the
296 599 105 43 other
425 599 135 43 justice
597 599 31 43 is
655 599 39 43 of
719 599 61 43 the
808 599 151 43 opinion
996 599 81 43 that
1102 599 61 43 the
1188 599 158 43 matters

207 650 231 44 complained
463 650 41 44 of
528 650 72 44 and
624 650 221 44 concerning
866 650 119 44 which
1008 650 53 44 we
1086 650 171 44 disagree
1282 650 64 44 are

207 701 124 44 errors
354 701 72 44 and
447 701 63 44 are
532 701 39 44 of
592 701 88 44 such
699 701 229 44 importance
949 701 81 44 that
1049 701 88 44 they
1156 701 148 44 require
1326 701 21 44 a

207 752 167 44 reversal
401 752 39 44 of
467 752 62 44 the
557 752 92 44 case.
712 752 120 44 There
857 752 112 44 being
1002 752 66 44 but
1094 752 71 44 two
1192 752 154 44 justices

208 805 123 43 acting
347 805 39 43 in
402 805 63 43 the
483 805 94 43 case,
596 805 72 43 and
683 805 88 43 they
787 805 110 43 being
913 805 134 43 unable
1065 805 36 43 to
1121 805 110 43 agree
1250 805 40 43 as
1307 805 39 43 to

207 855 165 43 whether
393 855 63 43 the
479 855 83 43 case
586 855 131 43 should
737 855 44 43 be
805 855 163 43 affirmed
992 855 41 43 or
1054 855 185 43 reversed,
1262 855 30 43 it
1314 855 34 43 is

209 906 162 44 affirmed
398 906 49 44 by
475 906 195 44 operation
698 906 39 44 of
763 906 80 44 law.
895 906 141 44 Binder
1061 906 34 44 v.
1122 906 224 44 Langhorst,

209 959 63 43 139
293 959 56 43 Ill.
370 959 98 43 App.
489 959 78 43 493.

399 220 162 47 SECOND
581 220 440 47 DISTRICT-OCToBER,
1044 220 107 47 1908.

1274 220 73 47 309

429 311 119 30 Brophy
563 311 26 30 v.
607 311 113 30 Illinois
740 311 76 30 Steel
835 311 55 30 Co.,
909 311 49 30 144
976 311 71 30 App.
1066 311 57 30 309.

1112 1009 187 43 Affirmed.

252 1106 69 44 Mr.
341 1106 145 44 Justice
504 1106 141 44 Willis
662 1106 87 44 took
765 1106 47 44 no
829 1106 89 44 part
936 1106 39 44 in
993 1106 61 44 the
1073 1106 275 44 consideration

210 1158 38 35 of
272 1158 73 35 this
369 1158 94 35 case.

207 1394 156 42 Edward
387 1394 163 42 Brophy,
575 1394 188 42 Appellee,
787 1394 34 42 v.
847 1394 152 42 Illinois
1027 1394 101 42 steel
1153 1394 194 42 Company,

668 1437 214 39 Appellant.

624 1502 88 41 Gen.
733 1502 62 41 No.
819 1502 111 41 5,017.

209 1588 2 28 •
241 1588 23 28 1.
301 1588 247 28 vaaDIcT-when
564 1588 52 28 not
635 1588 151 28 disturbed
804 1588 32 28 as
855 1588 118 28 against
991 1588 50 28 the
1060 1588 143 28 evidence,
1239 1588 107 28 where

207 1630 82 30 there
311 1630 25 30 is
359 1630 136 30 evidence
518 1630 77 30 upon
617 1630 97 30 which
736 1630 16 30 a
773 1630 115 30 verdict
909 1630 68 30 may
1000 1630 34 30 be
1056 1630 158 30 sustained,
1239 1630 24 30 it
1285 1630 61 30 will

206 1672 51 28 not
277 1672 33 28 be
331 1672 44 28 set
396 1672 80 28 aside
497 1672 37 28 on
554 1672 106 28 review
681 1672 31 28 as
732 1672 118 28 against
870 1672 50 28 the
941 1672 136 28 evidence
1097 1672 99 28 unless
1217 1672 128 28 passion,

206 1713 148 33 prejudice
377 1713 31 33 or
430 1713 83 33 other
534 1713 97 33 undue
653 1713 142 33 influence
817 1713 54 33 has
893 1713 120 33 entered
1035 1713 61 33 into
1118 1713 49 33 the
1188 1713 121 33 verdict.

243 1755 22 29 2.
302 1755 247 29 Vasnsc~-when
572 1755 50 29 not
646 1755 153 29 excessive.
840 1755 35 29 In
899 1755 37 29 an
960 1755 97 29 action
1080 1755 45 29 for
1147 1755 136 29 personal
1306 1755 31 29 in-

206 1798 101 32 juries,
336 1798 17 32 a
379 1798 114 32 verdict
519 1798 45 32 for
593 1798 91 32 $5,000
712 1798 25 32 is
765 1798 51 32 not
844 1798 147 32 excessive
1019 1798 96 32 where
1142 1798 50 32 the
1220 1798 126 32 injuries

207 1840 74 30 were
305 1840 29 30 to
358 1840 16 30 a
397 1840 56 30 boy
477 1840 30 30 of
529 1840 50 30 the
604 1840 52 30 age
680 1840 29 30 of
732 1840 31 30 16
788 1840 86 30 years
898 1840 58 30 and
980 1840 152 30 consiscea,
1157 1840 31 30 In
1212 1840 134 30 addition

207 1883 29 32 to
259 1883 150 32 suffering,
432 1883 31 32 in
485 1883 50 32 the
557 1883 58 32 loss
639 1883 29 32 of
691 1883 16 32 a
729 1883 53 32 leg.

242 1958 104 29 Action
377 1958 31 29 in
439 1958 65 29 case
534 1958 47 29 for
610 1958 134 29 personal
776 1958 133 29 injuries.
958 1958 110 29 Appeal
1099 1958 76 29 from
1207 1958 50 29 the
1289 1958 51 29 Cir-

207 2000 61 30 cuit
288 2000 89 30 Court
399 2000 29 30 of
448 2000 69 30 will
539 2000 117 30 county;
682 2000 50 30 the
752 2000 74 30 Hon.
849 2000 156 30 Douusucu
1025 2000 114 30 DIBSLL,
1162 2000 102 30 Judge,
1286 2000 51 30 pre-

208 2042 104 32 siding.

356 2042 100 32 Heard
481 2042 31 32 in
537 2042 61 32 this
624 2042 82 32 court
732 2042 30 32 at
785 2042 51 32 the
861 2042 85 32 April
971 2042 83 32 term,
1081 2042 75 32 1908.

1198 2042 148 32 Affirmed.

209 2086 124 32 Opinion
353 2086 67 32 filed
443 2086 120 32 October
585 2086 40 32 14,
647 2086 74 32 1908.

256 2172 172 43 Garnsey
452 2172 28 43 &
501 2172 128 43 Wood,
653 2172 61 43 for
739 2172 210 43 appellant;
974 2172 146 43 Knapp,
1143 2172 153 43 Haynie
1322 2172 28 43 &

212 2223 209 45 Cambell,
441 2223 39 45 of
499 2223 158 45 counsel.

256 2318 35 46 J.
310 2318 57 46 W.
386 2318 32 46 D
428 2318 126 46 'Arcy,
573 2318 62 46 for
655 2318 72 46 app­
732 2318 99 46 ellee.
