1585 2634
197 386 122 44 would
347 386 45 44 be
420 386 215 44 monstrous
667 386 73 44 and
770 386 117 44 result
915 386 40 44 in
984 386 261 44 undermining
1275 386 63 44 the

199 437 114 36 social
332 437 122 36 fabric
473 437 39 36 in
531 437 49 36 its
599 437 98 36 most
718 437 131 36 sacred
868 437 161 36 relation
1049 437 40 36 of
1108 437 77 36 life.

287 213 362 47 OEIOAQO-FIRST
673 213 443 47 DIsTEIOT-OOT0BER,
1142 213 107 47 1908.

1268 213 71 47 129

478 305 61 29 The
559 305 104 29 People
682 305 26 29 v.
729 305 104 29 Smith,
854 305 50 29 144
923 305 71 29 App.
1017 305 58 29 129.

244 488 76 45 The
342 488 110 45 order
473 488 40 45 of
532 488 89 45 May
642 488 29 45 8,
693 488 98 45 1907,
813 488 154 45 holding
987 488 190 45 appellant
1196 488 40 45 in
1256 488 68 45 con-

196 538 118 46 tempt
332 538 39 46 of
388 538 105 46 court
510 538 62 46 for
588 538 267 46 non-payment
873 538 40 46 of
929 538 216 46 temporary
1163 538 173 46 alimony,

197 590 32 34 is
254 590 174 34 affirmed.

243 640 77 46 The
344 640 86 46 final
450 640 129 46 decree
602 640 39 46 of
662 640 61 46 the
746 640 143 46 Circuit
911 640 126 46 Court,
1061 640 190 46 awarding
1274 640 47 46 ap-

196 691 117 45 pellee
337 691 173 45 separate
532 691 257 45 maintenance
811 691 91 45 with
925 691 217 45 allowances
1165 691 62 45 for
1252 691 69 45 sup-

195 741 87 45 port
305 741 73 45 and
402 741 202 45 solicitor's
628 741 90 45 fees,
744 741 73 45 and
840 741 178 45 ordering
1042 741 189 45 appellant
1256 741 78 45 also

197 792 37 44 to
252 792 75 44 pay
343 792 62 44 the
425 792 108 44 costs,
551 792 110 44 being
677 792 156 44 without
852 792 116 44 error,
988 792 31 44 is
1040 792 171 44 affirmed.

1099 844 189 44 Affirmed.

197 1060 79 40 The
308 1060 136 40 People
477 1060 41 40 of
547 1060 67 40 the
647 1060 104 40 State
784 1060 41 40 of
856 1060 163 40 Illinois,
1086 1060 178 40 Defendant
1300 1060 37 40 in

240 1106 130 40 Error,
391 1106 34 40 v.
445 1106 126 40 Abner
595 1106 124 40 Smith
743 1106 35 40 et
802 1106 58 40 al.,
882 1106 195 40 Plaintiffs
1099 1106 38 40 in
1160 1106 130 40 Error.

602 1177 88 40 Gen.
711 1177 62 40 No.
793 1177 133 40 13,861.

228 1266 24 30 1.
291 1266 300 30 Conspiracy-What
612 1266 165 30 equivalent
797 1266 28 30 to
848 1266 149 30 charging,
1018 1266 31 30 as
1070 1266 30 30 at
1120 1266 131 30 common
1273 1266 62 30 law.

192 1307 45 29 An
255 1307 174 29 indictment
444 1307 46 29 for
508 1307 170 29 conspiracy
694 1307 96 29 which
807 1307 154 29 concludes
980 1307 152 29 "contrary
1149 1307 29 29 to
1195 1307 50 29 the
1262 1307 72 29 law"

192 1348 26 29 is
234 1348 189 29 tantamount
439 1348 29 29 to
487 1348 141 29 charging
645 1348 16 29 a
679 1348 171 29 conspiracy
867 1348 31 29 at
916 1348 131 29 common
1065 1348 62 29 law.

228 1390 23 29 2.
289 1390 408 29 Conspiracy-appropriate
727 1390 165 29 averments
924 1390 29 29 of
981 1390 174 29 indictment
1185 1390 149 29 charging.

192 1431 95 29 Those
306 1431 95 29 guilty
420 1431 30 29 of
470 1431 169 29 conspiring
657 1431 28 29 to
706 1431 99 29 obtain
824 1431 106 29 money
949 1431 37 29 by
1005 1431 74 29 false
1098 1431 150 29 pretenses
1267 1431 69 29 may

192 1472 35 29 be
244 1472 129 29 indicted
391 1472 94 29 either
503 1472 92 29 under
613 1472 50 29 the
680 1472 110 29 statute
808 1472 31 29 or
858 1472 31 29 at
907 1472 131 29 common
1057 1472 62 29 law,
1137 1472 32 29 or
1187 1472 77 29 both.

228 1513 22 30 3.
289 1513 300 30 Conspiracy-what
606 1513 159 30 gravamen
783 1513 29 30 of
831 1513 108 30 offense
957 1513 36 30 of,
1013 1513 27 30 to
1059 1513 100 30 obtain
1175 1513 105 30 money
1300 1513 35 30 by

191 1556 75 29 false
286 1556 159 29 pretenses.
485 1556 62 29 The
567 1556 158 29 gravamen
746 1556 29 29 of
796 1556 50 29 the
868 1556 109 29 offense
997 1556 25 29 is
1044 1556 49 29 the
1114 1556 169 29 conspiracy
1305 1556 29 29 to

193 1598 34 29 do
245 1598 50 29 the
313 1598 144 29 unlawful
477 1598 54 29 act.
568 1598 28 29 It
614 1598 24 29 is
657 1598 51 29 not
726 1598 50 29 the
795 1598 74 29 false
888 1598 150 29 pretenses
1058 1598 95 29 which
1173 1598 159 29 constitute

191 1639 50 29 the
258 1639 98 29 crime,
372 1639 53 29 but
439 1639 51 29 the
507 1639 168 29 conspiring
690 1639 133 29 together
840 1639 73 29 with
930 1639 49 29 the
997 1639 101 29 design
1114 1639 29 29 to
1160 1639 85 29 make
1262 1639 73 29 such

191 1682 75 27 false
284 1682 158 27 pretenses.

227 1722 23 30 4.
288 1722 301 30 Conspiracy-what
613 1722 175 30 indictment
813 1722 150 30 charging,
990 1722 28 30 to
1044 1722 99 30 obtain
1168 1722 104 30 money
1299 1722 36 30 by

190 1765 75 28 false
278 1765 150 28 pretenses
442 1765 74 28 need
529 1765 51 28 not
594 1765 98 28 allege.
725 1765 46 28 An
784 1765 177 28 indictment
976 1765 140 28 charging
1131 1765 16 28 a
1162 1765 172 28 conspiracy

190 1805 30 28 to
236 1805 100 28 obtain
351 1805 106 28 money
471 1805 38 28 by
525 1805 74 28 false
614 1805 150 28 pretenses
780 1805 73 28 need
869 1805 52 28 not
937 1805 45 28 set
998 1805 50 28 out
1063 1805 31 28 or
1111 1805 79 28 show
1206 1805 31 28 in
1254 1805 80 28 what

191 1847 50 28 the
262 1847 74 28 false
357 1847 151 28 pretenses
531 1847 116 28 consist.

227 1888 23 29 5.
288 1888 301 29 Conspiracy-what
610 1888 142 29 sufficient
774 1888 28 29 to
824 1888 118 29 sustain
962 1888 112 29 verdict
1094 1888 33 29 in
1145 1888 189 29 prosecution

189 1930 55 28 for.
279 1930 59 28 One
355 1930 73 28 good
446 1930 88 28 count
550 1930 25 28 is
592 1930 142 28 sufficient
750 1930 29 28 to
797 1930 116 28 sustain
931 1930 17 28 a
964 1930 112 28 verdict
1094 1930 56 28 and
1167 1930 166 28 conviction

190 1970 32 28 in
239 1970 17 28 a
273 1970 187 28 prosecution
477 1970 46 28 for
541 1970 177 28 conspiracy.

226 2011 23 30 6.
287 2011 301 30 Conspiracy-what
613 2011 173 30 indictment
813 2011 149 30 charging,
989 2011 28 30 to
1043 2011 100 30 obtain
1166 2011 105 30 money
1297 2011 36 30 by

189 2053 76 28 false
282 2053 150 28 pretenses
450 2053 74 28 need
541 2053 50 28 not
609 2053 99 28 allege.
744 2053 46 28 An
808 2053 176 28 indictment
1003 2053 141 28 charging
1162 2053 173 28 conspiracy

190 2094 30 28 to
237 2094 100 28 obtain
354 2094 105 28 money
476 2094 38 28 by
530 2094 74 28 false
621 2094 149 28 pretenses
788 2094 74 28 need
879 2094 52 28 not
949 2094 92 28 allege
1058 2094 65 28 that
1139 2094 50 28 the
1209 2094 116 28 conspir

191 2136 53 27 acy
264 2136 60 27 was
346 2136 114 27 formed
481 2136 117 27 against
619 2136 57 27 any
698 2136 173 27 individual.
913 2136 77 27 Such
1012 2136 37 27 an
1070 2136 175 27 indictment
1265 2136 70 27 may

189 2178 137 28 properly
348 2178 106 28 charge
477 2178 171 28 conspiracy
670 2178 117 28 against
808 2178 50 28 the
880 2178 98 28 public
1000 2178 155 28 generally.

224 2219 23 28 7.
286 2219 307 28 Conspiracy-when
620 2219 173 28 allegations
822 2219 30 28 of
880 2219 175 28 indictment
1084 2219 148 28 charging,
1261 2219 64 28 suffi

189 2259 86 29 cient.
309 2259 46 29 Au
370 2259 177 29 indictment
561 2259 45 29 for
624 2259 170 29 conspiracy
810 2259 81 29 must
907 2259 77 29 state
1001 2259 17 29 a
1034 2259 66 29 date
1115 2259 53 29 but
1182 2259 51 29 the
1251 2259 84 29 exact

190 2301 66 30 date
275 2301 72 30 need
365 2301 52 30 not
435 2301 34 30 be
488 2301 94 30 given,
602 2301 56 30 and
676 2301 49 30 the
744 2301 92 30 proof,
856 2301 98 30 where
973 2301 49 30 the
1041 2301 157 30 allegation
1217 2301 30 30 of
1267 2301 67 30 date

367 2360 56 19 VOL.
442 2360 89 19 CXLIV
547 2360 13 19 9
