1570 2628
186 380 77 44 ribs
291 380 48 44 on
364 380 62 44 the
452 380 70 44 left
551 380 78 44 side
654 380 97 44 were
779 380 195 44 fractured
1001 380 73 44 and
1101 380 61 44 the
1189 380 133 44 pleura

187 431 74 43 and
283 431 89 43 lung
398 431 47 43 on
467 431 83 43 that
574 431 78 43 side
675 431 161 43 injured.
886 431 101 43 Four
1012 431 91 43 days
1130 431 100 43 after
1253 431 68 43 her

184 480 130 44 injury
347 480 63 44 she
442 480 75 44 had
550 480 21 44 a
602 480 254 44 miscarriage,
892 480 74 44 and
998 480 223 44 afterwards
1253 480 68 44 her

184 530 145 44 menses
355 530 97 44 were
479 530 186 44 irregular
693 530 73 44 and
793 530 64 44 she
883 530 75 44 had
985 530 21 44 a
1034 530 133 44 falling
1195 530 40 44 of
1261 530 62 44 the

185 583 128 42 womb.
362 583 86 42 Two
473 583 41 42 or
538 583 104 42 three
663 583 149 42 months
838 583 100 42 after
960 583 67 42 her
1049 583 128 42 injury
1199 583 108 42 tuber-

189 633 133 43 culosis
346 633 40 43 of
407 633 62 43 the
490 633 71 43 left
580 633 90 43 lung
690 633 76 43 was
791 633 216 43 discovered
1030 633 73 43 and
1126 633 197 43 continued

187 682 49 44 up
256 682 38 44 to
314 682 62 44 the
396 682 88 44 time
505 682 39 44 of
564 682 61 44 the
645 682 99 44 trial,
787 682 74 44 Not
880 682 88 44 long
990 682 99 44 after
1108 682 66 44 her
1194 682 129 44 injury

189 733 21 43 a
230 733 132 43 hernia
383 733 76 43 was
485 733 224 43 discovered.
753 733 48 43 In
821 733 67 43 her
912 733 69 43 fall
1004 733 66 43 one
1094 733 38 43 of
1153 733 67 43 her
1242 733 80 43 legs

186 783 75 43 was
286 783 160 43 injured,
470 783 73 43 and
567 783 223 43 afterwards
814 783 168 43 varicose
1005 783 104 43 veins
1134 783 190 43 appeared

187 833 39 43 in
245 833 82 43 that
345 833 88 43 part
454 833 40 43 of
513 833 61 43 the
594 833 69 43 leg.

233 202 358 52 OHIOAGO-FIRST
614 202 484 52 DISTifiCT-N0VEMBER,
1120 202 108 52 1908.

1250 202 70 52 521

311 299 101 29 Fuhry
436 299 25 29 v.
488 299 125 29 Chicago
638 299 65 29 City
727 299 133 29 Railway
884 299 55 29 Co.,
965 299 49 29 144
1039 299 72 29 App.
1137 299 57 29 521.

232 883 179 44 Whether
430 883 62 44 the
511 883 129 44 injury
659 883 135 44 caused
814 883 41 44 or
874 883 161 44 brought
1055 883 47 44 on
1120 883 61 44 the
1201 883 107 44 tuber-

189 933 134 43 culosis
349 933 72 43 and
442 933 132 43 hernia
595 933 76 43 was
696 933 66 43 one
788 933 38 43 of
850 933 62 43 the
936 933 259 43 controverted
1219 933 88 43 ques-

189 983 98 44 tions
308 983 47 44 on
373 983 61 44 the
452 983 89 44 trial
560 983 46 44 on
622 983 119 44 which
758 983 62 44 the
840 983 202 44 testimony
1061 983 39 44 of
1119 983 61 44 the
1198 983 112 44 physi-

190 1034 100 43 cians
315 1034 117 43 called
452 1034 50 43 by
524 1034 62 43 the
609 1034 206 43 respective
838 1034 143 43 parties
1004 1034 76 43 was
1106 1034 217 43 conflicting.

189 1083 69 36 We
282 1083 44 36 do
348 1083 64 36 not
433 1083 106 36 think
561 1083 81 36 that
665 1083 47 36 on
733 1083 62 36 the
818 1083 172 36 evidence
1011 1083 39 36 in
1071 1083 62 36 the
1157 1083 82 36 case
1262 1083 62 36 the

191 1134 175 44 damages
394 1134 175 44 awarded
594 1134 49 44 by
668 1134 62 44 the
757 1134 88 44 jury
873 1134 68 44 can
965 1134 179 44 properly
1169 1134 44 44 be
1238 1134 87 44 held

189 1185 196 34 excessive.

235 1234 163 45 Finding
417 1234 39 45 in
476 1234 62 45 the
558 1234 132 45 record
707 1234 46 45 no
775 1234 202 45 reversible
999 1234 113 45 error,
1134 1234 62 45 the
1216 1234 93 45 judg-

176 1266 84 62 ment
281 1266 42 62 of
344 1266 63 62 the
428 1266 168 62 Superior
617 1266 105 62 Court
743 1266 84 62 will
848 1266 42 62 be
911 1266 189 62 affirmed.

1088 1340 198 44 Affirmed.

173 1601 115 56 Annie
311 1601 138 56 Fuhry,
472 1601 207 56 Appellee,
702 1601 46 56 v.
771 1601 161 56 Chicago
955 1601 92 56 City
1070 1601 161 56 Railway
1254 1601 92 56 Com-

566 1644 120 59 pany,
710 1644 240 59 Appellant.

591 1724 88 55 Gen.
701 1724 66 55 No.
789 1724 154 55 13,960.

226 1817 24 29 1.
287 1817 299 29 NEGLIanIcox-'what
618 1817 173 29 establishes
822 1817 97 29 prima
948 1817 76 29 facie
1056 1817 72 29 case.
1177 1817 88 29 Proof
1296 1817 31 29 of

190 1859 95 29 status
302 1859 31 29 as
350 1859 17 29 a
382 1859 159 29 passenger
557 1859 56 29 and
631 1859 36 29 an
684 1859 100 29 Injury
800 1859 146 29 resulting
961 1859 76 29 from
1054 1859 17 29 a
1087 1859 132 29 collisicrn
1237 1859 80 29 estab-

190 1901 90 29 lishes
299 1901 170 29 negligence
487 1901 96 29 prima
602 1901 75 29 facie
697 1901 117 29 against
833 1901 49 29 the
903 1901 109 29 carrier
1032 1901 57 29 and
1109 1901 77 29 casts
1206 1901 78 29 upon
1303 1901 25 29 it

190 1943 49 28 the
261 1943 111 28 burden
395 1943 30 28 of
446 1943 133 28 showing
599 1943 66 28 that
685 1943 49 28 the
756 1943 132 28 collision
910 1943 138 28 occurred
1069 1943 91 28 under
1182 1943 72 28 such
1276 1943 42 28 cir-

191 1984 181 30 cumstances
397 1984 32 30 as
451 1984 30 30 to
505 1984 119 30 exclude
648 1984 38 30 its
708 1984 141 30 liability;
879 1984 74 30 held,
977 1984 65 30 that
1065 1984 50 30 the
1137 1984 137 30 evidence
1298 1984 29 30 of

191 2026 48 29 the
260 2026 109 29 carrier
388 2026 32 29 as
439 2026 30 29 to
488 2026 50 29 the
559 2026 152 29 "slippery,
732 2026 103 29 greasy
855 2026 57 29 and
931 2026 109 29 muddy
1060 2026 148 29 condition
1226 2026 32 29 of
1277 2026 51 29 the

190 2068 100 29 track"
312 2068 48 29 did
378 2068 53 29 not
449 2068 106 29 justify
575 2068 39 29 its
635 2068 188 29 exoneration
844 2068 76 29 from
941 2068 227 29 responsibility.

226 2111 23 28 2.
286 2111 248 28 EVIDENcE-hOW
560 2111 63 28 rate
650 2111 29 28 of
704 2111 87 28 speed
817 2111 67 28 may
912 2111 32 28 be
970 2111 107 28 shown.
1123 2111 60 28 The
1209 2111 64 28 rate
1298 2111 30 28 of

191 2151 86 29 speed
294 2151 31 29 at
340 2151 96 29 which
455 2151 17 29 a
488 2151 49 29 car
554 2151 59 29 was
631 2151 146 29 traveling
794 2151 31 29 at
842 2151 32 29 or
892 2151 88 29 about
996 2151 50 29 the
1064 2151 71 29 time
1153 2151 30 29 of
1202 2151 37 29 an
1258 2151 60 29 acci-

192 2193 68 32 dent
284 2193 68 32 may
377 2193 34 32 be
436 2193 101 32 shown
562 2193 37 32 by
623 2193 50 32 the
699 2193 234 32 approximation
959 2193 30 32 of
1014 2193 151 32 witnesses
1191 2193 137 32 qualified

191 2234 76 25 from
291 2234 194 25 observation.

227 2276 22 32 3.
287 2276 270 32 Evoaucx-what,
579 2276 30 32 of
628 2276 152 32 attending
800 2276 162 32 physician,
985 2276 170 32 competent.
1194 2276 60 32 The
1275 2276 44 32 tes-
