1681 2636
309 205 362 40 Chicago—First
692 206 487 45 District—December,
1200 206 109 37 1908.

1335 202 75 36 215

336 294 73 26 Foss
430 301 27 19 v.
478 294 63 25 The
562 295 121 29 Peoples
705 295 58 25 Gas
783 295 91 29 Light
894 296 22 24 &
937 295 78 25 Coke
1036 294 57 29 Co.,
1113 294 50 25 145
1185 294 72 28 App.
1280 293 60 25 215.

268 451 101 42 John
390 451 42 42 P.
455 451 99 42 Foss,
575 451 214 42 Appellant,
810 451 35 42 v.
867 451 80 42 The
969 451 157 42 Peoples
1183 451 37 42 Gas
1241 451 116 42 Light
1380 451 30 42 &

578 495 94 40 Coke
696 495 193 40 Company,
911 495 191 40 Appellee.

709 569 55 40 Gen.
784 569 62 40 No.
867 569 135 40 14,048.

305 653 24 30 1.
374 653 53 30 Lis
452 653 322 30 pendens-operation
801 653 30 30 of
858 653 132 30 doctrine
1018 653 37 30 of.
1101 653 59 30 One
1185 653 64 30 who
1277 653 134 30 acquires

271 695 95 29 rights
387 695 30 29 in
439 695 152 29 corporate
611 695 83 29 stock
715 695 106 29 during
840 695 51 29 the
910 695 152 29 pendency
1083 695 29 29 of
1133 695 148 29 litigation
1302 695 101 29 involv­

271 737 50 30 ing
343 737 50 30 the
417 737 226 30 determination
667 737 30 30 of
718 737 50 30 the
791 737 165 30 ownership
980 737 31 30 of
1033 737 72 30 such
1128 737 89 30 stock,
1241 737 84 30 takes
1348 737 53 30 sub­

271 780 58 28 ject
348 780 29 28 to
398 780 38 28 all
455 780 30 28 of
503 780 51 28 the
574 780 167 28 infirmities
761 780 30 28 of
809 780 67 28 title
895 780 130 28 existing
1045 780 30 28 in
1096 780 46 28 his
1163 780 139 28 assignor.

307 821 22 30 2.
367 821 213 30 Amendments
600 821 59 30 and
678 821 252 30 jeofails-what
949 821 52 30 not
1021 821 89 30 abuse
1130 821 29 30 of
1180 821 165 30 discretion.
1384 821 29 30 It

273 864 25 25 is
318 864 51 25 not
389 864 37 25 an
447 864 89 25 abuse
557 864 32 25 of
609 864 159 25 discretion
787 864 30 25 to
838 864 98 25 refuse
958 864 29 25 to
1010 864 85 25 allow
1117 864 37 25 an
1176 864 185 25 amendment
1383 864 30 25 of

272 906 16 28 a
303 906 53 28 bill
372 906 30 28 of
419 906 160 28 complaint
595 906 30 28 at
639 906 51 28 the
705 906 71 28 time
793 906 30 28 of
839 906 50 28 the
907 906 85 28 entry
1009 906 29 28 of
1055 906 16 28 a
1087 906 70 28 final
1174 906 99 28 decree
1289 906 123 28 thereon

272 948 77 28 upon
372 948 150 28 demurrer
545 948 153 28 sustained
720 948 125 28 thereto;
874 948 49 28 the
947 948 179 28 application
1148 948 28 28 to
1200 948 103 28 amend
1325 948 87 28 being

272 989 57 29 two
352 989 118 29 months
495 989 77 29 after
595 989 51 29 the
669 989 124 29 hearing
815 989 77 29 upon
916 989 50 29 the
991 989 158 29 demurrer,
1173 989 87 29 being
1283 989 50 29 the
1357 989 47 29 sec­

273 1031 56 29 ond
347 1031 96 29 which
461 1031 59 29 had
538 1031 72 29 been
628 1031 93 29 made,
739 1031 49 29 the
806 1031 65 29 first
889 1031 111 29 having
1017 1031 72 29 been
1109 1031 129 29 granted.

309 1073 22 30 3.
371 1073 265 30 Pleading-what
655 1073 52 30 not
729 1073 74 30 legal
825 1073 151 30 averment
998 1073 30 30 of
1049 1073 95 30 status
1165 1073 31 30 as
1218 1073 193 30 stockholder.

273 1115 84 29 Held,
377 1115 67 29 that
463 1115 50 29 the
533 1115 151 29 following
703 1115 158 29 allegation
882 1115 31 29 in
933 1115 67 29 that
1020 1115 24 29 it
1065 1115 49 29 did
1134 1115 51 29 not
1206 1115 43 29 set
1268 1115 38 29 up
1328 1115 82 29 facts,

273 1156 91 29 failed
383 1156 108 29 legally
509 1156 30 29 to
558 1156 93 29 allege
668 1156 51 29 the
738 1156 165 29 ownership
924 1156 30 29 of
973 1156 96 29 stock:
1113 1156 92 29 "That
1224 1156 30 29 in
1273 1156 32 29 or
1325 1156 88 29 about

275 1198 49 29 the
343 1198 69 29 year
432 1198 67 29 1857
519 1198 37 29 he
575 1198 125 29 became,
721 1198 66 29 ever
807 1198 79 29 since
905 1198 54 29 has
978 1198 73 29 been
1071 1198 57 29 and
1147 1198 65 29 now
1231 1198 34 29 is,
1286 1198 17 29 a
1323 1198 83 29 stock­

273 1239 102 30 holder
394 1239 30 30 of
443 1239 50 30 the
514 1239 129 30 People's
665 1239 56 30 Gas
741 1239 89 30 Light
850 1239 21 30 &
891 1239 76 30 Coke
990 1239 155 30 Company,
1168 1239 57 30 and
1246 1239 50 30 the
1317 1239 97 30 owner

274 1281 30 29 of
319 1281 75 29 1,500
412 1281 109 29 shares,
539 1281 30 29 of
584 1281 51 29 the
651 1281 53 29 par
719 1281 86 29 value
822 1281 29 29 of
867 1281 66 29 fifty
951 1281 109 29 dollars
1078 1281 78 29 each,
1174 1281 29 29 of
1219 1281 50 29 the
1286 1281 128 29 original

275 1323 107 29 capital
406 1323 82 29 stock
512 1323 30 29 of
564 1323 50 29 the
638 1323 64 29 said
726 1323 159 29 defendant
909 1323 211 29 corporation."

309 1365 23 28 4.
371 1365 270 28 Pleading-when
661 1365 220 28 indefIniteness
903 1365 30 28 of
955 1365 124 28 demand
1099 1365 92 28 raises
1212 1365 203 28 preswmption

274 1406 30 31 of
325 1406 104 31 laches.
468 1406 62 31 The
550 1406 158 31 allegation
729 1406 29 31 of
778 1406 17 31 a
816 1406 124 31 demand
961 1406 79 31 upon
1060 1406 51 31 the
1132 1406 157 31 defendant
1310 1406 66 31 that
1398 1406 17 31 a

274 1447 80 30 right
377 1447 30 30 of
429 1447 51 30 the
504 1447 130 30 plaintiff
658 1447 34 30 be
718 1447 138 30 accorded
881 1447 62 30 him
968 1447 88 30 being
1080 1447 83 30 made
1188 1447 125 30 without
1339 1447 75 30 date,

274 1489 67 30 may
358 1489 35 30 be
409 1489 155 30 presumed
581 1489 29 30 to
629 1489 74 30 have
720 1489 71 30 been
810 1489 83 30 made
910 1489 53 30 but
981 1489 115 30 shortly
1112 1489 100 30 before
1229 1489 50 30 the
1299 1489 106 30 institu­

275 1531 63 29 tion
358 1531 30 29 of
408 1531 50 29 the
480 1531 68 29 suit,
571 1531 58 29 and
650 1531 23 29 if
694 1531 109 29 having
824 1531 72 29 been
918 1531 31 29 so
972 1531 84 29 made
1077 1531 95 29 would
1194 1531 74 29 have
1290 1531 71 29 then
1383 1531 32 29 in

274 1570 60 30 fact
357 1570 74 30 have
452 1570 73 30 been
547 1570 85 30 made
656 1570 30 30 at
709 1570 17 30 a
748 1570 71 30 time
842 1570 85 30 when
950 1570 51 30 the
1023 1570 81 30 right
1126 1570 96 30 would
1245 1570 75 30 have
1342 1570 72 30 been

274 1614 58 30 lost
351 1614 37 30 by
406 1614 98 30 virtue
525 1614 30 30 of
576 1614 106 30 laches,
703 1614 50 30 the
774 1614 137 30 pleading
932 1614 25 30 is
979 1614 184 30 insufficient,
1185 1614 56 30 and
1263 1614 39 30 its
1324 1614 82 30 insuf­

274 1656 120 30 ficiency
412 1656 68 30 may
500 1656 35 30 be
555 1656 115 30 availed
691 1656 29 30 of
740 1656 37 30 by
797 1656 118 30 general
936 1656 159 30 demurrer.

310 1699 23 28 5.
373 1699 131 28 Statute
525 1699 33 28 or
579 1699 423 28 Limitations-availability
1023 1699 37 28 of,
1083 1699 31 28 as
1136 1699 127 28 between
1285 1699 122 28 corpora­

273 1739 63 29 tion
359 1739 57 29 and
439 1739 195 29 stockholder.
675 1739 61 29 The
761 1739 115 29 Statute
893 1739 36 29 of
952 1739 188 29 Limitations
1165 1739 31 29 as
1219 1739 65 29 well
1309 1739 31 29 as
1364 1739 50 29 the

275 1782 131 28 doctrine
430 1782 29 28 of
483 1782 99 28 laches
605 1782 67 28 may
695 1782 34 28 be
753 1782 114 28 availed
890 1782 30 28 of
944 1782 38 28 by
1007 1782 17 28 a
1048 1782 183 28 corporation
1256 1782 117 28 against
1398 1782 17 28 a

274 1826 193 25 stockholder.

310 1864 22 29 6.
368 1864 238 29 Laches-what
624 1864 173 29 constitutes
815 1864 32 29 as
865 1864 118 29 against
1001 1864 191 29 stockholder.
1228 1864 83 29 Fifty
1328 1864 86 29 years

274 1906 30 31 of
329 1906 196 31 unexplained
552 1906 84 31 delay
662 1906 31 31 in
719 1906 145 31 asserting
891 1906 96 31 rights
1015 1906 29 31 of
1071 1906 171 31 accounting
1269 1906 56 31 and
1351 1906 54 31 par­

273 1948 155 32 ticipation
447 1948 30 32 in
494 1948 84 32 stock
597 1948 146 32 increases
762 1948 174 32 constitutes
956 1948 100 32 laches
1076 1948 56 32 and
1151 1948 66 32 bars
1237 1948 49 32 the
1307 1948 106 32 action.

313 2022 55 31 Bill
394 2022 47 31 for
468 2022 182 31 accounting.
696 2022 111 31 Appeal
834 2022 77 31 from
940 2022 51 31 the
1021 2022 112 31 Circuit
1161 2022 88 31 Court
1277 2022 30 31 of
1337 2022 79 31 Cook

276 2064 117 33 county;
424 2064 50 33 the
499 2064 73 33 Hon.
600 2064 111 33 Julian
735 2064 42 33 W.
804 2064 98 33 Mack,
929 2064 103 33 Judge,
1058 2064 156 33 presiding.
1258 2064 100 33 Heard
1383 2064 32 33 in

275 2106 60 30 this
357 2106 82 30 court
459 2106 30 30 at
510 2106 50 30 the
583 2106 121 30 October
725 2106 82 30 term,
829 2106 75 30 1907.

944 2106 146 30 Affirmed.

1131 2106 123 30 Opinion
1275 2106 68 30 filed
1364 2106 42 30 De-

275 2152 113 29 cember
408 2152 24 29 7,
453 2152 76 29 1908.

320 2232 210 44 Statement
555 2232 47 44 by
627 2232 67 44 the
721 2232 113 44 Court.
893 2232 102 44 John
1015 2232 43 44 P.
1081 2232 104 44 Foss,
1206 2232 61 44 the
1290 2232 112 44 appel­

272 2283 91 49 lant,
386 2283 86 49 filed
494 2283 41 49 in
557 2283 62 49 the
644 2283 141 49 Circuit
808 2283 116 49 Court
948 2283 22 49 a
996 2283 72 49 bill,
1090 2283 65 49 not
1175 2283 119 49 under
1316 2283 98 49 oath,
