1665 2630
305 210 360 41 Chicago—First
686 215 487 47 District—December,
1194 217 109 36 1908.

1329 214 72 36 199

294 299 141 27 Reinisch.
459 308 27 18 v.
515 302 126 30 Chicago
668 304 22 25 &
715 304 222 26 Northwestern
962 305 54 29 Ry.
1043 305 58 30 Co.,
1127 305 50 25 145
1205 305 72 29 App.
1304 305 59 24 199.

305 376 36 48 It
366 376 63 48 did
451 376 66 48 not
540 376 107 48 make
672 376 74 48 any
770 376 200 48 difference
994 376 164 48 whether
1182 376 30 48 it
1235 376 76 48 was
1338 376 61 48 the

262 428 69 48 end
356 428 40 48 of
420 428 61 48 the
504 428 217 48 foot-board
750 428 57 48 (as
834 428 117 48 seems
977 428 134 48 almost
1135 428 142 48 certain
1301 428 100 48 from

261 480 61 47 the
341 480 191 47 evidence)
557 480 41 47 or
618 480 99 47 some
735 480 103 47 other
855 480 89 47 part
963 480 40 47 of
1020 480 63 47 the
1102 480 61 47 car
1180 480 120 47 which
1317 480 84 47 first

263 532 126 46 struck
413 532 61 46 the
499 532 169 46 plaintiff
700 532 178 46 (Chicago
904 532 107 46 West
1035 532 173 46 Division
1232 532 170 46 Railway

264 583 191 46 Company
478 583 34 46 v.
541 583 118 46 Ryan,
688 583 65 46 131
780 583 57 46 Ill.
865 583 85 46 474;
980 583 119 46 South
1128 583 158 46 Chicago
1316 583 86 46 City

261 635 169 44 Railway
453 635 194 44 Company
666 635 33 44 v.
722 635 181 44 Kinnare,
928 635 66 44 216
1016 635 58 44 Ill.
1096 635 100 44 451),
1219 635 32 44 if
1271 635 30 44 it
1322 635 77 44 was

261 685 162 45 through
446 685 49 45 its
519 685 191 45 negligent
736 685 196 45 operation
956 685 83 45 that
1065 685 61 45 the
1152 685 168 45 collision
1345 685 41 45 oc­

263 737 141 35 curred.
453 737 89 35 And
569 737 91 35 even
685 737 32 35 if
743 737 61 35 the
829 737 226 35 instruction
1079 737 97 35 were
1200 737 66 35 not
1292 737 39 35 in
1357 737 30 35 it­

263 786 71 44 self
350 786 113 44 likely
481 786 37 44 to
536 786 44 44 be
598 786 223 44 misleading
840 786 74 44 and
933 786 278 44 objectionable,
1231 786 30 44 it
1279 786 122 44 would

261 836 135 44 hardly
410 836 45 44 be
470 836 203 44 reversible
689 836 105 44 error
809 836 36 44 to
860 836 127 44 refuse
1002 836 40 44 it,
1084 836 76 44 The
1177 836 96 44 jury,
1292 836 40 44 as
1348 836 54 44 we

262 886 94 46 have
378 886 91 46 said,
490 886 96 46 were
608 886 116 46 fairly
745 886 73 46 and
837 886 97 46 fully
952 886 209 46 instructed
1183 886 46 46 on
1249 886 61 46 the
1332 886 71 46 law

264 938 206 45 applicable
489 938 38 45 to
547 938 63 45 the
631 938 238 45 defendant's
890 938 135 45 theory
1044 938 38 45 of
1101 938 62 45 the
1182 938 108 45 facts.

309 988 77 47 The
406 988 194 47 judgment
621 988 41 47 of
683 988 63 47 the
768 988 179 47 Superior
971 988 117 47 Court
1108 988 32 47 is
1163 988 162 47 affirmed~

1165 1039 215 43 Affirmed..

290 1319 72 42 John
385 1319 138 42 Joseph
545 1319 177 42 Reinisch
747 1319 36 42 et
806 1319 57 42 al.,
883 1319 233 42 Appellants,
1137 1319 21 42 v.
1193 1319 157 42 Chicago
1374 1319 29 42 &

376 1362 284 40 Northwestern
686 1362 165 40 Railway
879 1362 195 40 Company,
1099 1362 188 40 Appellee.

669 1439 88 39 Gen.
777 1439 51 39 No.
861 1439 120 39 14,071.

298 1525 70 29 This
385 1525 65 29 case
467 1525 26 29 is
511 1525 160 29 controlled
688 1525 38 29 by
741 1525 50 29 the
808 1525 144 29 decisions
970 1525 31 29 in
1019 1525 37 29 C.,
1074 1525 31 29 B.
1123 1525 21 29 &
1161 1525 29 29 Q.
1208 1525 32 29 R.
1259 1525 33 29 R.
1311 1525 46 29 Co.
1375 1525 26 29 v.

265 1566 40 30 W.
327 1566 28 30 C.
377 1566 40 30 St.
437 1566 34 30 R.
491 1566 34 30 R.
547 1566 55 30 Co.,
624 1566 49 30 156
694 1566 45 30 Ill.
761 1566 62 30 255;
849 1566 218 30 Pennsylvania
1088 1566 45 30 Co.
1155 1566 25 30 v.
1203 1566 66 30 City
1289 1566 29 30 of
1340 1566 54 30 Chi­

266 1609 76 29 cago,
362 1609 48 29 181
430 1609 42 29 Ill.
492 1609 62 29 297;
578 1609 99 29 Doane
695 1609 25 29 v.
738 1609 79 29 Lake
837 1609 39 29 St.
896 1609 31 29 E.
947 1609 32 29 R.
1000 1609 32 29 R.
1052 1609 55 29 Co.,
1127 1609 48 29 165
1195 1609 43 29 Ill.
1260 1609 61 29 510;
1346 1609 57 29 and

265 1651 103 28 People
388 1651 25 28 v.
436 1651 123 28 General
579 1651 77 28 Elec.
678 1651 52 28 Ry.
753 1651 54 28 Co.,
829 1651 49 28 172
901 1651 45 28 Ill.
968 1651 59 28 129.

297 1725 59 30 Bill
377 1725 30 30 in
429 1725 108 30 equity.
574 1725 111 30 Appeal
708 1725 75 30 from
805 1725 50 30 the
878 1725 112 30 Circuit
1013 1725 90 30 Court
1125 1725 30 30 of
1178 1725 76 30 Cook
1278 1725 119 30 county;

263 1768 49 28 the
332 1768 73 28 Hon.
425 1768 163 28 Lockwood
606 1768 127 28 Honore,
754 1768 101 28 Judge,
875 1768 159 28 presiding.
1071 1768 98 28 Heard
1189 1768 30 28 in
1239 1768 59 28 this
1320 1768 83 28 court

264 1809 30 30 at
318 1809 50 30 the
393 1809 121 30 October
539 1809 83 30 term,
648 1809 75 30 1907.

765 1809 144 30 Affirmed.

954 1809 126 30 Opinion
1103 1809 67 30 filed
1195 1809 158 30 December
1379 1809 23 30 7,

264 1850 75 25 1908.

308 1937 36 43 J.
359 1937 140 43 Henry
514 1937 141 43 Kraft,
671 1937 62 43 for
749 1937 221 43 appellants.

308 2031 37 43 S.
365 2031 45 43 A.
429 2031 143 43 Lynde,
590 2031 63 43 for
673 2031 176 43 appellee.

308 2124 73 44 Mr.
413 2124 158 44 Justice
600 2124 144 44 Brown

776 2124 189 44 delivered
995 2124 62 44 the
1089 2124 150 44 opinion
1270 2124 40 44 of
1340 2124 63 44 the

264 2178 114 32 court.

309 2224 89 47 This
421 2224 31 47 is
478 2224 48 47 an.
547 2224 134 47 appeal
703 2224 100 47 from
825 2224 21 47 a
869 2224 164 47 decretal
1055 2224 109 47 order
1188 2224 39 47 of
1250 2224 22 47 a
1295 2224 93 47 chan-

262 2275 111 43 cellor
402 2275 40 43 in
469 2275 63 43 the
564 2275 141 43 Circuit
736 2275 116 43 Court
883 2275 226 43 dismissing,
1140 2275 62 43 for
1230 2275 100 43 want
1362 2275 41 43 of
