1641 2631
314 212 360 41 Chicago—First
695 212 485 47 District—December,
1202 212 109 39 1908.

1336 209 71 37 333

560 305 90 25 Winn.
673 310 28 21 v.
724 305 130 29 Walker,
880 304 51 25 145
957 304 72 30 App.
1055 304 58 25 333.

269 459 142 41 George
436 459 44 41 A.
507 459 123 41 Winn,
655 459 190 41 Appellee,
870 459 35 41 v.
1014 459 22 41 Edwin
1102 459 12 41 C.
1234 459 79 41 Walker,
1339 459 55 41 Ap­

758 501 156 39 pellant.

674 574 89 40 Gen.
782 574 64 40 No.
865 574 134 40 14,112.

303 660 23 28 1.
365 660 337 28 Instructions-when
723 660 105 28 should
851 660 33 28 be
905 660 195 28 particularly
1123 660 143 28 accurate.
1303 660 104 28 Where

269 701 16 29 a
304 701 64 29 case
388 701 24 29 is
432 701 76 29 close
527 701 77 29 upon
622 701 51 29 the
691 701 135 29 evidence
845 701 50 29 the
915 701 195 29 instructions
1129 701 107 29 should
1255 701 34 29 be
1309 701 98 29 drawn

268 745 71 28 with
359 745 108 28 special
487 745 148 28 accuracy.

303 786 23 29 2.
366 786 338 29 Instructions-when
725 786 175 29 inaccurate,
923 786 52 29 not
996 786 113 29 subject
1132 786 28 29 to
1185 786 76 29 cure.
1303 786 45 29 An
1369 786 30 29 in­

269 828 144 30 struction
434 828 98 30 which
553 828 166 30 authorizes
743 828 17 30 a
781 828 114 30 verdict
918 828 24 30 if
964 828 113 30 certain
1099 828 75 30 facts
1198 828 50 30 are
1269 828 139 30 believed,

269 871 95 29 which
383 871 75 29 facts
478 871 35 29 do
531 871 52 29 not
601 871 30 29 in
650 871 55 29 law
724 871 107 29 justify
849 871 72 29 such
939 871 17 29 a
975 871 120 29 verdict,
1117 871 25 29 is
1161 871 52 29 not
1233 871 177 29 susceptible

270 913 28 31 of
317 913 87 31 being
425 913 88 31 cured
533 913 38 31 by
592 913 122 31 another
735 913 111 31 correct
866 913 186 31 instruction.

303 989 106 29 Action
429 989 184 29 commenced
633 989 98 29 before
752 989 106 29 justice
878 989 30 29 of
928 989 51 29 the
999 989 94 29 peace.
1130 989 111 29 Appeal
1263 989 78 29 from
1361 989 51 29 the

269 1031 111 28 Circuit
408 1031 91 28 Court
527 1031 29 28 of
586 1031 78 28 Cook
692 1031 118 28 county;
843 1031 50 28 the
922 1031 74 28 Hon.
1026 1031 111 28 George
1166 1031 32 28 A.
1230 1031 178 28 Carpenter,

269 1072 101 31 Judge,
393 1072 160 31 presiding.
593 1072 98 31 Heard
713 1072 29 31 in
769 1072 58 31 this
849 1072 84 31 court
955 1072 31 31 at
1007 1072 51 31 the
1081 1072 120 31 October
1224 1072 84 31 term,
1331 1072 76 31 1907.

269 1114 145 29 Reversed
437 1114 57 29 and
517 1114 165 29 remanded.

723 1114 125 29 Opinion
869 1114 67 29 filed
958 1114 157 29 December
1138 1114 41 29 21,
1202 1114 75 29 1908.

316 1203 45 43 A.
381 1203 265 43 Binswanger,
665 1203 61 43 for
747 1203 201 43 appellant.

315 1296 134 43 Adams
467 1296 29 43 &
515 1296 234 43 Froehlich,
768 1296 63 43 for
851 1296 179 43 appellee.

317 1390 72 45 Mr.
412 1390 202 45 Presiding
634 1390 156 45 Justice
811 1390 135 45 Adams

969 1390 187 45 delivered
1175 1390 62 45 the
1258 1390 152 45 opinion

273 1443 39 33 of
333 1443 62 33 the
418 1443 115 33 court.

318 1491 90 45 This
428 1491 108 45 cause
554 1491 77 45 was
650 1491 98 45 tried
764 1491 40 45 in
821 1491 62 45 the
902 1491 142 45 Circuit
1065 1491 124 45 Court,
1211 1491 45 45 on
1275 1491 135 45 appeal

273 1541 100 44 from
403 1541 21 44 a
451 1541 196 44 judgment
675 1541 197 44 recovered
900 1541 132 44 before
1062 1541 22 44 a
1112 1541 134 44 justice
1279 1541 38 44 of
1347 1541 62 44 the

272 1591 122 45 peace.
441 1591 77 45 The
540 1591 88 45 jury
649 1591 117 45 found
787 1591 62 45 for
872 1591 167 45 appellee
1062 1591 73 45 and
1158 1591 171 45 assessed
1350 1591 58 45 his

273 1641 176 46 damages
473 1641 39 46 at
535 1641 62 46 the
623 1641 80 46 sum
727 1641 38 46 of
788 1641 99 46 $200,
913 1641 73 46 and
1010 1641 193 46 judgment
1226 1641 78 46 was
1329 1641 67 46 ren­

274 1691 112 43 dered
405 1691 46 43 on
468 1691 62 43 the
548 1691 154 43 verdict.
745 1691 76 43 The
841 1691 191 43 appellant
1048 1691 32 43 is
1102 1691 20 43 a
1143 1691 102 43 stock
1263 1691 146 43 broker,

275 1742 83 44 and,
382 1742 111 44 about
516 1742 196 44 February
733 1742 30 44 1,
787 1742 99 44 1906,
911 1742 200 44 appellant,
1133 1742 49 44 by
1204 1742 205 44 appellee's

275 1791 120 47 order,
417 1791 212 47 purchased
650 1791 61 47 for
734 1791 165 47 appellee
921 1791 66 47 100
1011 1791 127 47 shares
1162 1791 40 47 of
1223 1791 62 47 the
1308 1791 103 47 stock

275 1841 40 44 of
338 1841 62 44 the
425 1841 141 44 United
592 1841 124 44 States
742 1841 100 44 Steel
867 1841 202 44 Company,
1096 1841 38 44 at
1158 1841 66 44 $44
1250 1841 65 44 5/8
1342 1841 69 44 per

275 1892 118 43 share.
444 1892 78 43 The
550 1892 103 43 stock
676 1892 76 43 was
780 1892 81 43 sold
885 1892 51 43 by
964 1892 189 43 appellant
1178 1892 150 43 August
1355 1892 54 43 17,

274 1942 98 46 1906,
390 1942 62 46 for
470 1942 66 46 $43
555 1942 65 46 1/2
636 1942 67 46 per
721 1942 119 46 share,
860 1942 74 46 and
952 1942 190 46 appellant
1161 1942 80 46 sent
1260 1942 23 46 a
1301 1942 110 46 check

274 1994 61 45 for
357 1994 62 45 the
438 1994 185 45 purchase
642 1994 132 45 money
794 1994 75 45 less
893 1994 227 45 appellant's
1144 1994 265 45 commissions,

275 2043 36 48 to
334 2043 176 48 appellee,
531 2043 120 48 which
672 2043 166 48 appellee
859 2043 171 48 received
1052 2043 72 48 and
1145 2043 144 48 cashed,
1334 2043 61 48 Ap­

275 2094 152 48 pellee's
455 2094 211 48 contention
690 2094 32 48 is
747 2094 83 48 that
856 2094 62 48 the
946 2094 128 48 shares
1100 2094 96 48 were
1223 2094 81 48 sold
1330 2094 67 48 con­

275 2144 109 46 trary
405 2144 37 46 to
465 2144 58 46 his
547 2144 241 46 instructions
813 2144 36 46 to
875 2144 227 46 appellant's
1126 2144 188 46 manager,
1339 2144 71 46 Mr.

276 2193 143 48 Joseph
445 2193 50 48 M.
525 2193 153 48 Horine,
709 2193 73 48 and
811 2193 192 48 appellant
1033 2193 173 48 contends
1236 2193 62 48 the
1330 2193 67 48 con­

277 2243 115 47 trary.
438 2243 180 47 Appellee
639 2243 170 47 testified,
831 2243 40 47 in
892 2243 206 47 substance,
1122 2243 81 47 that
1226 2243 101 47 after
1348 2243 63 47 the

278 2293 181 49 purchase
488 2293 39 49 of
555 2293 62 49 the
646 2293 102 49 stock
772 2293 62 49 for
861 2293 88 49 him,
979 2293 62 49 the
1068 2293 143 49 market
1238 2293 103 49 price
1372 2293 40 49 of
